@comment{x-kbibtex-personnameformatting=<%l><, %f>}

@book{AB06,
	author = "Aliprantis, Charalambos D. and Border, Kim C.",
	edition = "Third",
	isbn = "978-3-540-32696-0; 3-540-32696-0",
	mrclass = "46-01 (28D05 46N10 47-01 54-01 60B10 60J05)",
	mrnumber = "2378491 (2008m:46001)",
	note = "A hitchhiker's guide",
	pages = "xxii+703",
	publisher = "Springer, Berlin",
	title = "{Infinite dimensional analysis}",
	year = "2006"
}

@article{BDHPS03,
	author = "Briand, P. and Delyon, B. and Hu, Y. and Pardoux, E. and Stoica, L.",
	journal = "Stochastic Processes and their Applications",
	number = "1",
	pages = "109--129",
	title = "{$\LL^p$ solutions of backward stochastic differential equations}",
	volume = "108",
	year = "2003"
}

@article{RS12,
	author = "Rozkosz, A. and S{\l}omi{\'n}ski, L.",
	journal = "Stochastic Processes and their Applications",
	number = "12",
	pages = "3875--3900",
	title = "{$\LL^p$ solutions of reflected BSDEs under monotonicity condition}",
	volume = "122",
	year = "2012"
}

@article{Kli12,
	author = "Klimsiak, T.",
	journal = "Electronic Journal of Probability",
	number = "107",
	pages = "1--25",
	title = "{Reflected BSDEs with monotone generator}",
	volume = "17",
	year = "2012"
}

@article{KKPPQ97,
	author = "{El Karoui}, N. and Kapoudjian, C. and Pardoux, E. and Peng, S. and Quenez, M. C.",
	doi = "10.1214/aop/1024404416",
	fjournal = "The Annals of Probability",
	issn = "0091-1798",
	journal = "Ann. Probab.",
	mrclass = "60H10 (35K85 35R60 60H30)",
	mrnumber = "1434123",
	mrreviewer = "Philip Protter",
	number = "2",
	pages = "702--737",
	title = "{Reflected solutions of backward {SDE}'s, and related obstacle problems for {PDE}'s}",
	url = "http://dx.doi.org/10.1214/aop/1024404416",
	volume = "25",
	year = "1997"
}

@incollection{ElK81,
	author = "{El Karoui}, Nicole",
	booktitle = "{Ninth {S}aint {F}lour {P}robability {S}ummer {S}chool---1979 ({S}aint {F}lour, 1979)}",
	mrclass = "93E20 (60G40 60G42 60J60)",
	mrnumber = "637471 (83c:93062)",
	mrreviewer = "Kabanov, Yu.M.",
	pages = "73--238",
	publisher = "Springer, Berlin-New York",
	series = "{Lecture Notes in Math.}",
	title = "{Les aspects probabilistes du contr{\^o}le stochastique}",
	volume = "876",
	year = "1981"
}

@book{Pro05,
	author = "Protter, Philip E.",
	doi = "10.1007/978-3-662-10061-5",
	isbn = "3-540-00313-4",
	mrclass = "60-02 (60G44 60H05 60H10 60H20)",
	mrnumber = "2273672",
	mrreviewer = "Evelyn Buckwar",
	note = "Second edition. Version 2.1, Corrected third printing",
	pages = "xiv+419",
	publisher = "Springer-Verlag, Berlin",
	series = "{Stochastic Modelling and Applied Probability}",
	title = "{Stochastic integration and differential equations}",
	url = "http://dx.doi.org/10.1007/978-3-662-10061-5",
	volume = "21",
	year = "2005"
}

@article{EKPQ97,
	author = "{El Karoui}, N. and Peng, S. and Quenez, M. C.",
	doi = "10.1111/1467-9965.00022",
	fjournal = "Mathematical Finance. An International Journal of Mathematics, Statistics and Financial Economics",
	issn = "0960-1627",
	journal = "Math. Finance",
	mrclass = "90A09 (60H10)",
	mrnumber = "1434407",
	mrreviewer = "R{\~A}${}^1\!/\!_4$diger Kiesel",
	number = "1",
	pages = "1--71",
	title = "{Backward stochastic differential equations in finance}",
	url = "http://dx.doi.org/10.1111/1467-9965.00022",
	volume = "7",
	year = "1997"
}

@article{DP97,
	author = "Darling, R. W. R. and Pardoux, Etienne",
	doi = "10.1214/aop/1024404508",
	fjournal = "The Annals of Probability",
	issn = "0091-1798",
	journal = "Ann. Probab.",
	mrclass = "60H10 (35J60 35R60)",
	mrnumber = "1457614",
	mrreviewer = "Xue Rong Mao",
	number = "3",
	pages = "1135--1159",
	title = "{Backwards {SDE} with random terminal time and applications to semilinear elliptic {PDE}}",
	url = "http://dx.doi.org/10.1214/aop/1024404508",
	volume = "25",
	year = "1997"
}

@article{BPTZ16,
	author = "Bouchard, Bruno and Possama{\"{\i}}, Dylan and Tan, Xiaolu and Zhou, Chao",
	hal_id = "hal-01179817",
	hal_version = "v1",
	journal = "{Annales de l'Institut Henri Poincar{\'e}}",
	keywords = "reflected backward SDE; Backward SDE; supersolution; Doob-Meyer decomposition",
	month = sep,
	pdf = "https://hal.archives-ouvertes.fr/hal-01179817/file/BPTZ15.pdf",
	title = "{A unified approach to a priori estimates for supersolutions of BSDEs in general filtrations}",
	url = "https://hal.archives-ouvertes.fr/hal-01179817",
	year = "2016"
}

@article{BDM02,
	abstract = "In this paper, we study the robustness of backward stochastic differential equations (BSDEs for short) w.r.t. the Brownian motion; more precisely, we will show that if Wn is a martingale approximation of a Brownian motion W then the solution to the \{BSDE\} driven by the martingale Wn converges to the solution of the classical BSDE, namely the \{BSDE\} driven by W. The particular case of the scaled random walks has been studied in Briand et al. (Electron. Comm. Probab. 6 (2001) 1). Here, we deal with a more general situation and we will not assume that the Wn has the predictable representation property: this yields an orthogonal martingale in the \{BSDE\} driven by Wn. As a byproduct of our result, we obtain the convergence of the ``Euler scheme'' for \{BSDEs\} corresponding to the case where Wn is a time discretization of W.",
	author = "Briand, Philippe and Delyon, Bernard and M{\'e}min, Jean",
	doi = "10.1016/S0304-4149(01)00131-4",
	issn = "0304-4149",
	journal = "Stochastic Processes and their Applications",
	keywords = "Backward stochastic differential equation (BSDE); Stability of BSDEs; Weak convergence of filtrations; Discretization",
	number = "2",
	pages = "229--253",
	title = "{On the robustness of backward stochastic differential equations}",
	url = "http://www.sciencedirect.com/science/article/pii/S0304414901001314",
	volume = "97",
	year = "2002"
}

@book{CE15,
	author = "Cohen, S.N. and Elliott, R.J.",
	edition = "Second Edition",
	isbn = "78-1-4939-2866-8",
	location = "New York",
	publisher = "Birkh{\"a}user",
	series = "{Probability and Its Applications}",
	title = "{Stochastic Calculus and Applications}",
	year = "2015"
}

@article{Kar95,
	author = "Karandikar, R.",
	journal = "Stochastic Processes and their Applications",
	number = "1",
	pages = "11--18",
	title = "{On pathwise stochastic integration}",
	volume = "57",
	year = "1995"
}

@book{DM82,
	author = "Dellacherie, Claude and Meyer, Paul-Andr{\'e}",
	publisher = "North-Holland",
	title = "{Probabilities and {P}otential {B}. {T}heory of {M}artingales}",
	year = "1982"
}

@article{PP90,
	author = "Pardoux, Etienne and Peng, Shige",
	journal = "Systems \& Control Letters",
	number = "1",
	pages = "55--61",
	publisher = "Elsevier",
	title = "{Adapted solution of a backward stochastic differential equation}",
	volume = "14",
	year = "1990"
}

@article{PTZ18,
	author = {Possama{\"{\i}}, Dylan and Tan, Xiaolu and Zhou, Chao},
	journal = "Annals of Probability",
	number = "1",
	pages = "551--603",
	title = "{Stochastic Control for a class of nonlinear kernels and applications}",
	volume = "46",
	year = "2018"
}

@article{LRTY18,
	author = "Lin, Yiqing and Ren, Zhenjie and Touzi, Nizar and Yang, Junjian",
	journal = "preprint",
	title = "{Second order backward SDE with random terminal time}",
	year = "2018"
}

@article{Nut15,
	author = "Nutz, Marcel",
	journal = "Stochastic Processes and their Applications",
	number = "12",
	pages = "4543--4555",
	title = "{Robust superhedging with jumps and diffusion}",
	volume = "125",
	year = "2015"
}

@article{NN14,
	author = "Neufeld, A. and Nutz, M.",
	journal = "Stochastic Processes and their Applications",
	number = "11",
	pages = "3819--3845",
	title = "{Measurability of semimartingale characteristics with respect to the probability law}",
	volume = "124",
	year = "2014"
}

@book{BS96,
	author = "Bertsekas, D. and Shreve, S.",
	publisher = "Athena Scientific",
	title = "{Stochastic Optimal Control: The Discrete-Time Case}",
	year = "1996"
}

@article{NvH13,
	author = "Nutz, M. and van Handel, R.",
	journal = "Stochastic Processes and their Applications",
	number = "8",
	pages = "3100--3121",
	publisher = "Elsevier",
	title = "{Constructing sublinear expectations on path space}",
	volume = "123",
	year = "2013"
}

@article{LX05,
	author = "Lepeltier, J.-P. and Xu, M.",
	fjournal = "Statistics \& Probability Letters",
	issn = "0167-7152",
	journal = "Statist. Probab. Lett.",
	mrclass = "60H10 (60H20)",
	mrnumber = "2185610",
	mrreviewer = "A. I. Dale",
	number = "1",
	pages = "58--66",
	title = "{Penalization method for reflected backward stochastic differential equations with one r.c.l.l. barrier}",
	url = "https://doi.org/10.1016/j.spl.2005.05.016",
	volume = "75",
	year = "2005"
}

@article{KQ12,
	author = "Kobylanski, Magdalena and Quenez, Marie-Claire",
	fjournal = "Electronic Journal of Probability",
	issn = "1083-6489",
	journal = "Electron. J. Probab.",
	mrclass = "60G40",
	mrnumber = "2968679",
	mrreviewer = "Jaime Lobo",
	pages = "no. 72, 28",
	title = "{Optimal stopping time problem in a general framework}",
	url = "https://doi.org/10.1214/EJP.v17-2262",
	volume = "17",
	year = "2012"
}

@article{STZ11,
	author = "Soner, H.M. and Touzi, N. and Zhang, J.",
	journal = "Stochastic Processes and their Applications",
	pages = "265--287",
	title = "{Martingale representation theorem for the $G$-expectation}",
	volume = "121",
	year = "2011"
}

@article{STZ12,
	author = "Soner, H.M. and Touzi, N. and Zhang, J.",
	journal = "Probability Theory and Related Fields",
	number = "1-2",
	pages = "149--190",
	publisher = "Springer",
	title = "{Wellposedness of second order backward {S}{D}{E}s}",
	volume = "153",
	year = "2012"
}

@article{STZ13,
	author = "Soner, H.M. and Touzi, N. and Zhang, J.",
	journal = "The Annals of Applied Probability",
	number = "1",
	pages = "308--347",
	publisher = "Institute of Mathematical Statistics",
	title = "{Dual formulation of second order target problems}",
	volume = "23",
	year = "2013"
}

@article{CSTV07,
	author = "Cheridito, Patrick and Soner, H. Mete and Touzi, Nizar and Victoir, Nicolas",
	fjournal = "Communications on Pure and Applied Mathematics",
	issn = "0010-3640",
	journal = "Comm. Pure Appl. Math.",
	mrclass = "60H10 (35R60 60H35)",
	mrnumber = "2319056",
	mrreviewer = "Rainer Buckdahn",
	number = "7",
	pages = "1081--1110",
	title = "{Second-order backward stochastic differential equations and fully nonlinear parabolic {PDE}s}",
	url = "https://doi.org/10.1002/cpa.20168",
	volume = "60",
	year = "2007"
}

@article{HT18,
	author = "Hu, Ying and Tang, Shanjian",
	journal = "preprint",
	title = "{Existence of solution to scalar BSDEs with weakly $L^{1+}$-integrable terminal values}",
	year = "2018"
}

@incollection{Peng97,
	author = "Peng, Shige",
	booktitle = "{In: El Karoui, N., Maziliak, Backward Stochastic Differential Equations}",
	pages = "141--159",
	publisher = "Longman, Harlow",
	series = "{Pitman Research Notes Mathematical Series, Vol. 364}",
	title = "{Backward SDE and related $g$-expectation}",
	year = "1997"
}

@article{HJPS14a,
	author = "Hu, M. and Ji, S. and Peng, S. and Song, Y.",
	journal = "Stochastic Processes and their Applications",
	pages = "759--784",
	title = "{Backward stochastic differential equations driven by $G$-Brownian motion}",
	volume = "124",
	year = "2014"
}

@article{HJPS14b,
	author = "Hu, Mingshang and Ji, Shaolin and Peng, Shige and Song, Yongsheng",
	fjournal = "Stochastic Processes and their Applications",
	issn = "0304-4149",
	journal = "Stochastic Process. Appl.",
	mrclass = "60H10",
	mrnumber = "3138611",
	mrreviewer = "Feng Hu",
	number = "2",
	pages = "1170--1195",
	title = "{Comparison theorem, {F}eynman-{K}ac formula and {G}irsanov transformation for {BSDE}s driven by {$G$}-{B}rownian motion}",
	url = "https://doi.org/10.1016/j.spa.2013.10.009",
	volume = "124",
	year = "2014"
}

@article{CPT18,
	author = "Cvitani{\'c}, Jak\v{s}a and Possama{\"{\i}}, Dylan and Touzi, Nizar",
	doi = "10.1007/s00780-017-0344-4",
	fjournal = "Finance and Stochastics",
	issn = "0949-2984",
	journal = "Finance Stoch.",
	mrclass = "93E20 (49N90 91A15 91B69)",
	mrnumber = "3738664",
	number = "1",
	pages = "1--37",
	title = "{Dynamic programming approach to principal-agent problems}",
	url = "https://doi.org/10.1007/s00780-017-0344-4",
	volume = "22",
	year = "2018"
}

@article{Nut12,
	author = "Nutz, Marcel",
	journal = "Electron. Commun. Probab",
	number = "24",
	pages = "1--7",
	title = "{Pathwise construction of stochastic integrals}",
	volume = "17",
	year = "2012"
}

@book{KS91,
	author = "Karatzas, Ioannis and Shreve, Steven E.",
	doi = "10.1007/978-1-4684-0302-2",
	mrclass = "60J65 (35K99 35R60 60G44 60H10 60J60)",
	mrnumber = "917065 (89c:60096)",
	mrreviewer = "A. N. Al-Hussaini",
	publisher = "Springer-Verlag",
	series = "{Graduate Texts in Mathematics}",
	title = "{Brownian motion and stochastic calculus}",
	url = "http://dx.doi.org/10.1007/978-1-4684-0302-2",
	volume = "113",
	year = "1991"
}

@article{Benes70,
	author = "Bene\v{s}, V. E.",
	fjournal = "SIAM Journal on Control and Optimization",
	issn = "0363-0129",
	journal = "SIAM J. Control",
	mrclass = "93.60",
	mrnumber = "0265043",
	mrreviewer = "R. S. Bucy",
	pages = "179--188",
	title = "{Existence of optimal strategies based on specified information, for a class of stochastic decision problems}",
	volume = "8",
	year = "1970"
}

@article{Benes71,
	author = "Bene\v{s}, V. E.",
	fjournal = "SIAM Journal on Control and Optimization",
	issn = "0363-0129",
	journal = "SIAM J. Control",
	mrclass = "93E20",
	mrnumber = "0300726",
	mrreviewer = "H. J. Kushner",
	pages = "446--472",
	title = "{Existence of optimal stochastic control laws}",
	volume = "9",
	year = "1971"
}

@article{Bichteler81,
	author = "Bichteler, Klaus",
	fjournal = "The Annals of Probability",
	issn = "0091-1798",
	journal = "Ann. Probab.",
	localfile = "2-X&origin=MSN",
	mrclass = "60H05 (60G48 60H20)",
	mrnumber = "606798",
	mrreviewer = "Philip Protter",
	number = "1",
	pages = "49--89",
	title = "{Stochastic integration and {$L^{p}$}-theory of semimartingales}",
	url = "http://links.jstor.org/sici?sici=0091-1798(198102)9:1<49:SIAOS>2.0.CO",
	volume = "9",
	year = "1981"
}

@article{BD05,
	author = "Bolton, P. and Dewatripont, M.",
	location = "Cambriage",
	publisher = "MIT Press",
	title = "{Contract Theory}",
	year = "2005"
}

@article{Sannikov08,
	author = "Sannikov, Yuliy",
	doi = "10.1111/j.1467-937X.2008.00486.x",
	fjournal = "Review of Economic Studies",
	issn = "0034-6527",
	journal = "Rev. Econom. Stud.",
	mrclass = "91B62 (91B40 91B70)",
	mrnumber = "2433118",
	mrreviewer = "Susheng Wang",
	number = "3",
	pages = "957--984",
	title = "{A continuous-time version of the principal-agent problem}",
	url = "https://doi.org/10.1111/j.1467-937X.2008.00486.x",
	volume = "75",
	year = "2008"
}

@article{CCZ07,
	author = "Cadenillas, Abel and Cvitani{\'c}, Jak\v{s}a and Zapatero, Fernando",
	doi = "10.1016/j.jet.2005.12.007",
	fjournal = "Journal of Economic Theory",
	issn = "0022-0531",
	journal = "J. Econom. Theory",
	mrclass = "91B40 (91B62 91B70 93E20)",
	mrnumber = "2386770",
	number = "1",
	pages = "403--440",
	title = "{Optimal risk-sharing with effort and project choice}",
	url = "https://doi.org/10.1016/j.jet.2005.12.007",
	volume = "133",
	year = "2007"
}

@article{CPT17,
	author = "Cvitani{\'c}, Jak\v{s}a and Possama{\"{\i}}, Dylan and Touzi, Nizar",
	journal = "Management science",
	number = "107",
	pages = "3328--3346",
	title = "{Moral hazard in dynamic risk management}",
	volume = "63",
	year = "2017"
}

@book{CZ12,
	author = "Cvitani{\'c}, Jak\v{s}a and Zhang, Jianfeng",
	doi = "10.1007/978-3-642-14200-0",
	isbn = "978-3-642-14199-7; 978-3-642-14200-0",
	mrclass = "91-02 (91B32 91B40 91B69)",
	mrnumber = "2963805",
	mrreviewer = "Susheng Wang",
	pages = "xii+255",
	publisher = "Springer, Heidelberg",
	series = "{Springer Finance}",
	title = "{Contract theory in continuous-time models}",
	url = "https://doi.org/10.1007/978-3-642-14200-0",
	year = "2013"
}

@article{CWZ09,
	author = "Cvitani{\'c}, Jak\v{s}a and Wan, Xuhu and Zhang, Jianfeng",
	doi = "10.1007/s00245-008-9050-0",
	fjournal = "Applied Mathematics and Optimization",
	issn = "0095-4616",
	journal = "Appl. Math. Optim.",
	mrclass = "91B28 (60E15 60H10 93E20)",
	mrnumber = "2465709",
	mrreviewer = "Guohe Deng",
	number = "1",
	pages = "99--146",
	title = "{Optimal compensation with hidden action and lump-sum payment in a continuous-time model}",
	url = "https://doi.org/10.1007/s00245-008-9050-0",
	volume = "59",
	year = "2009"
}

@book{SV97,
	author = "Stroock, D. W. and Varadhan, S.R. S.",
	publisher = "Springer",
	title = "{Multidimensional diffusion processes}",
	year = "1997"
}

@article{HM87,
	author = "Holmstr{\"o}m, Bengt and Milgrom, Paul",
	doi = "10.2307/1913238",
	fjournal = "Econometrica. Journal of the Econometric Society",
	issn = "0012-9682",
	journal = "Econometrica",
	mrclass = "90A09",
	mrnumber = "882097",
	number = "2",
	pages = "303--328",
	title = "{Aggregation and linearity in the provision of intertemporal incentives}",
	url = "https://doi.org/10.2307/1913238",
	volume = "55",
	year = "1987"
}

@book{FS06,
	author = "Fleming, Wendell H. and Soner, H. Mete",
	edition = "Second",
	isbn = "978-0387-260457; 0-387-26045-5",
	mrclass = "93-02 (49L20 49L25 60J60 90C39 91A23 91B28 93E20)",
	mrnumber = "2179357",
	pages = "xviii+429",
	publisher = "Springer, New York",
	series = "{Stochastic Modelling and Applied Probability}",
	title = "{Controlled {M}arkov processes and viscosity solutions}",
	volume = "25",
	year = "2006"
}

@article{EKNJP87,
	author = "{El Karoui}, Nicole and {H\.{u}\.{u} Nguyen}, Du' and Jeanblanc-Picqu{\'e}, Monique",
	doi = "10.1080/17442508708833443",
	fjournal = "Stochastics",
	issn = "0090-9491",
	journal = "Stochastics",
	mrclass = "93E20 (49A60 60J60)",
	mrnumber = "878312",
	mrreviewer = "V\v{e}ra L{\'a}nsk{\'a}",
	number = "3",
	pages = "169--219",
	title = "{Compactification methods in the control of degenerate diffusions: existence of an optimal control}",
	url = "https://doi.org/10.1080/17442508708833443",
	volume = "20",
	year = "1987"
}

@article{HL90,
	author = "Haussmann, U. G. and Lepeltier, J.-P.",
	doi = "10.1137/0328049",
	fjournal = "SIAM Journal on Control and Optimization",
	issn = "0363-0129",
	journal = "SIAM J. Control Optim.",
	mrclass = "49J55 (93E20)",
	mrnumber = "1051628",
	mrreviewer = "Vivek S. Borkar",
	number = "4",
	pages = "851--902",
	title = "{On the existence of optimal controls}",
	url = "https://doi.org/10.1137/0328049",
	volume = "28",
	year = "1990"
}

@article{MR18,
	author = "Mastrolia, Thibaut and Ren, Zhenjie",
	journal = "to appear in SIAM Journal of Financial Mathematics",
	title = "{Principal-Agent problem with common agency without communication}",
	year = "2018"
}

@article{MP18,
	author = "Mastrolia, Thibaut and Possama{\"{\i}}, Dylan",
	journal = "to appear in Journal of Optimization Theory and Applications",
	title = "{Moral hazard under ambiguity}"
}

@article{Muller98,
	author = "M{\"u}ller, H.~M.",
	journal = "J. Econom. Theory",
	pages = "276--280",
	title = "{The first-best sharing rule in the continuous-time principal-agent problems with exponential utility}",
	volume = "79",
	year = "1998"
}

@article{Muller00,
	author = "M{\"u}ller, H.~M.",
	journal = "J. Econom. Theory",
	pages = "292--301",
	title = "{Asymptotic efficiency in dynamic principal-agent problems}",
	volume = "91",
	year = "2000"
}

@article{SS93,
	author = "Sch\H{a}ttler, Heinz and Sung, Jaeyoung",
	doi = "10.1006/jeth.1993.1072",
	fjournal = "Journal of Economic Theory",
	issn = "0022-0531",
	journal = "J. Econom. Theory",
	mrclass = "90A16 (93E03)",
	mrnumber = "1252335",
	number = "2",
	pages = "331--371",
	title = "{The first-order approach to the continuous-time principal-agent problem with exponential utility}",
	url = "https://doi.org/10.1006/jeth.1993.1072",
	volume = "61",
	year = "1993"
}

@article{SS97,
	author = "Sch\H{a}ttler, Heinz and Sung, Jaeyoung",
	journal = "J. Econ. Dyn. Control",
	pages = "551--574",
	title = "{On optimal sharing rules in discrete- and continuous-time principal--agent problems with exponential utility}",
	volume = "21",
	year = "1997"
}

@article{SS87,
	author = "Spear, Stephen E. and Srivastava, Sanjay",
	doi = "10.2307/2297484",
	fjournal = "The Review of Economic Studies",
	issn = "0034-6527",
	journal = "Rev. Econom. Stud.",
	mrclass = "90A10 (90D12)",
	mrnumber = "909450",
	number = "4",
	pages = "599--617",
	title = "{On repeated moral hazard with discounting}",
	url = "https://doi.org/10.2307/2297484",
	volume = "54",
	year = "1987"
}

@article{Sung97,
	author = "Sung, Jaeyoung",
	doi = "10.1006/jeth.1996.2260",
	fjournal = "Journal of Economic Theory",
	issn = "0022-0531",
	journal = "J. Econom. Theory",
	mrclass = "90A11",
	mrnumber = "1455762",
	number = "2",
	pages = "297--332",
	title = "{Corporate insurance and managerial incentives}",
	url = "https://doi.org/10.1006/jeth.1996.2260",
	volume = "74",
	year = "1997"
}

@article{Sung95,
	author = "Sung, Jaeyoung",
	journal = "Rand J. Econ.",
	pages = "720--743",
	title = "{Linearity with project selection and controllable diffusion rate in continuous-time principal--agent problems}",
	volume = "26",
	year = "1995"
}

@article{Williams09,
	author = "Sung, Jaeyoung",
	journal = "preprint",
	title = "{On dynamic principal-agent problems in continuous time}",
	year = "2009"
}

@article{ElKTan13,
	author = "{El Karoui}, Nicole and Tan, Xiaolu",
	journal = "Preprint",
	title = "{Capacities, measurable selection and dynamic programming. Part I: Abstract framework}",
	year = "2013"
}

@article{ElKTan15,
	author = "{El Karoui}, Nicole and Tan, Xiaolu",
	journal = "Preprint",
	title = "{Capacities, measurable selection and dynamic programming. Part II: Application in stochastic control problems}",
	year = "2015"
}

@article{APT19,
	author = {A{\"{\i}}d, Ren{\'e} and Possama{\"{\i}}, Dylan and Touzi, Nizar},
	journal = "Working paper",
	title = "{A principal-agent model for pricing electricity volatility demand}",
	year = "2019"
}

